@misc{national_institute_of_deafness_and_other_communication_disorders_2020, title={American Sign Language}, url={https://www.nidcd.nih.gov/health/american-sign-language}, journal={National Institute of Deafness and Other Communication Disorders}, publisher={U.S. Department of Health and Human Services}, year={2020}, month={Nov}}
@misc{gov.uk_2020, title={Coronavirus (COVID-19): guidance and support}, url={https://www.gov.uk/coronavirus}, journal={GOV.UK}, year={2020}, month={Nov}}
@misc{heren_2020, title={How coronavirus lockdown hits deaf people harder than most}, url={https://www.standard.co.uk/news/health/coronavirus-lockdown-deaf-people-hit-harder-a4446811.html}, journal={Evening Standard}, publisher={Evening Standard}, author={Heren, Kit}, year={2020}, month={May}}
@misc{hearing_dogs_for_deaf_people, title={How does a deaf person communicate}, url={https://www.hearingdogs.org.uk/deafness-and-hearing-loss/how-deaf-people-communicate/}, journal={Hearing Dogs for Deaf People}}
@misc{kalia_2020, title={The Zoom boom: how video-calling became a blessing â€“ and a curse}, url={https://www.theguardian.com/technology/2020/may/21/the-zoom-boom-how-video-calling-became-a-blessing-and-a-curse}, journal={The Guardian}, publisher={Guardian News and Media}, author={Kalia, Ammar}, year={2020}, month={May}}
@article{mehdi_khan_2002, title={Sign language recognition using sensor gloves}, DOI={10.1109/iconip.2002.1201884}, journal={Proceedings of the 9th International Conference on Neural Information Processing, 2002. ICONIP 02.}, author={Mehdi, S.a. and Khan, Y.n.}, year={2002}}
@misc{gov.uk_2019, title={Saleem: profoundly deaf user}, url={https://www.gov.uk/government/publications/understanding-disabilities-and-impairments-user-profiles/saleem-profoundly-deaf-user#:~:text=11 million people in the,25% for the general population}, journal={GOV.UK}, publisher={GOV.UK}, year={2019}, month={Jun}}
